@inproceedings{DoSTCPAnalysis:Schuba,
  title={Analysis of a denial of service attack on TCP},
  author={Schuba, Christoph L and Krsul, Ivan V and Kuhn, Markus G and Spafford, Eugene H and Sundaram, Aurobindo and Zamboni, Diego},
  booktitle={Security and Privacy, 1997. Proceedings., 1997 IEEE Symposium on},
  pages={208--223},
  year={1997},
  organization={IEEE}
}
@ARTICLE{Multimedia:chao, 
author={L. Zhou and H. C. Chao}, 
journal={IEEE Network}, 
title={Multimedia traffic security architecture for the internet of things}, 
year={2011}, 
volume={25}, 
number={3}, 
pages={35-40}, 
keywords={Internet;actuators;multimedia communication;multimedia computing;security of data;telecommunication traffic;wireless sensor networks;Internet of Things;actuator networks;media-aware security architecture;media-aware security framework;multimedia applications;multimedia services;multimedia traffic analysis;multimedia traffic classification;multimedia traffic security architecture;security heterogeneity;security service;wired sensor networks;wireless sensor networks;Authentication;Cryptography;Multimedia communication;Radiofrequency identification;Servers;Streaming media;Telecommunication traffic}, 
doi={10.1109/MNET.2011.5772059}, 
ISSN={0890-8044}, 
month={May},}
@inproceedings{SecuringCloudServers:Chapade,
  title={Securing cloud servers against flooding based ddos attacks},
  author={Chapade, SS and Pandey, KU and Bhade, DS},
  booktitle={Communication Systems and Network Technologies (CSNT), 2013 International Conference on},
  pages={524--528},
  year={2013},
  organization={IEEE}
}

@inproceedings{GreenhouseEffect:Marchetta,
  title={The greenhouse effect attack},
  author={Marchetta, Pietro and Persico, Valerio and Pescap{\'e}, Antonio},
  booktitle={Communications and Network Security (CNS), 2014 IEEE Conference on},
  pages={516--517},
  year={2014},
  organization={IEEE}
}

@inproceedings{SYNFloodDetection:Aborujilah,
  title={Detecting TCP SYN based Flooding Attacks by Analyzing CPU and Network Resources Performance},
  author={Aborujilah, Abdulaziz and Ismail, Mohd Nazri and Musa, Shahrulniza},
  booktitle={Advanced Computer Science Applications and Technologies (ACSAT), 2014 3rd International Conference on},
  pages={157--161},
  year={2014},
  organization={IEEE}
}

@inproceedings{RealtimeDetection:Miao,
  title={A real-time method for detecting internet-wide SYN flooding attacks},
  author={Miao, Lihua and Ding, Wei and Gong, Jian},
  booktitle={The 21st IEEE International Workshop on Local and Metropolitan Area Networks},
  pages={1--6},
  year={2015},
  organization={IEEE}
}

@techreport{rfc1948,
  author = "Bellovin, S.",
  title = "{Defending Against Sequence Number Attacks}",
  howpublished = {Internet Requests for Comments},
  type="{RFC}",
  number=1948,
  pages = {1-6},
  year = {1996},
  month = {May},
  issn = {2070-1721},
  publisher = "{RFC Editor}",
  institution = "{RFC Editor}",
  url={http://www.rfc-editor.org/rfc/rfc1948.txt}
}

@techreport{rfc6528,
  author = "Gont, F. and Bellovin, S.",
  title = "{Defending against Sequence Number Attacks}",
  howpublished = {Internet Requests for Comments},
  type="{RFC}",
  number=6528,
  pages = {1-12},
  year = {2012},
  month = {February},
  issn = {2070-1721},
  publisher = "{RFC Editor}",
  institution = "{RFC Editor}",
  url={http://www.rfc-editor.org/rfc/rfc6528.txt}
}

@techreport{rfc4732,
  author = "Handley, M., Ed., Rescorla, E., Ed., and IAB",
  title = "{Defending against Sequence Number Attacks}",
  howpublished = {Internet Requests for Comments},
  type="{RFC}",
  number=4732,
  pages = {1-38},
  year = {2006},
  month = {November},
  issn = {2070-1721},
  publisher = "{RFC Editor}",
  institution = "{RFC Editor}",
  url={http://www.rfc-editor.org/rfc/rfc4732.txt}
}

@article{Botnet:Hoque,
  title={Botnet in ddos attacks: trends and challenges},
  author={Hoque, Nazrul and Bhattacharyya, Dhruba K and Kalita, Jugal K},
  journal={IEEE Communications Surveys \& Tutorials},
  volume={17},
  number={4},
  pages={2242--2270},
  year={2015},
  publisher={IEEE}
}

@ARTICLE{Filtration:Kalkan, 
author={K. Kalkan and G. Gür and F. Alagöz}, 
journal={IEEE Systems Journal}, 
title={Filtering-Based Defense Mechanisms Against DDoS Attacks: A Survey}, 
year={2016}, 
volume={PP}, 
number={99}, 
pages={1-13}, 
keywords={Communication networks;Computer crime;IP networks;Internet;Neural networks;Ports (Computers);Denial of service (DoS);distributed denial of service (DDoS);internet security;intrusion detection and prevention systems;traffic filtering}, 
doi={10.1109/JSYST.2016.2602848}, 
ISSN={1932-8184}, 
month={}
}

@inproceedings{Bohatei:Fayaz,
  title={Bohatei: Flexible and elastic DDoS defense},
  author={Fayaz, Seyed K and Tobioka, Yoshiaki and Sekar, Vyas and Bailey, Michael},
  booktitle={24th USENIX Security Symposium (USENIX Security 15)},
  pages={817--832},
  year={2015}
}

@inproceedings {OffPath:Cao,
author = {Yue Cao and Zhiyun Qian and Zhongjie Wang and Tuan Dao and Srikanth V. Krishnamurthy and Lisa M. Marvel},
title = {Off-Path TCP Exploits: Global Rate Limit Considered Dangerous},
booktitle = {25th USENIX Security Symposium (USENIX Security 16)},
year = {2016},
month = Aug,
isbn = {978-1-931971-32-4},
address = {Austin, TX},
pages = {209--225},
url = {https://www.usenix.org/conference/usenixsecurity16/technical-sessions/presentation/cao},
publisher = {USENIX Association},
}

@inproceedings{Wood:DoSE,
  title={Denial of Service Elusion (DoSE): Keeping Clients Connected for Less},
  author={Wood, Paul and Gutierrez, Christopher and Bagchi, Saurabh},
  booktitle={Reliable Distributed Systems (SRDS), 2015 IEEE 34th Symposium on},
  pages={94--103},
  year={2015},
  organization={IEEE}
}

@article{Wu:LDoSMultifractal,
  title={Low-rate DoS attacks detection based on network multifractal},
  author={Wu, Zhi-jun and Zhang, Liyuan and Yue, Meng},
  year={2015},
  publisher={IEEE}
}

@inproceedings{Aqil:stealthTCP,
  title={Detection of stealthy TCP-based DoS attacks},
  author={Aqil, Azeem and Atya},
  booktitle={Military Communications Conference, MILCOM 2015-2015 IEEE},
  pages={348--353},
  year={2015},
  organization={IEEE}
}

@article{Li:LAAEM,
  title={LAAEM: A Method to Enhance LDoS Attack},
  author={Li, Heshuai and Zhu, Junhu and Wang, Qingxian and Zhou, Tianyang and Qiu, Han and Li, Hang},
  journal={IEEE Communications Letters},
  volume={20},
  number={4},
  pages={708--711},
  year={2016},
  publisher={IEEE}
}

@techreport{Dalal:blindInWindow,
  title={Improving TCP's robustness to blind in-window attacks},
  author={Ramaiah, Anantha and Stewart, R and Dalal, Mitesh},
  year={2010}
}

@article{Yao:IPTraceback,
  title={Passive IP traceback: Disclosing the locations of IP spoofers from path backscatter},
  author={Yao, Guang and Bi, Jun and Vasilakos, Athanasios V},
  journal={IEEE Transactions on Information Forensics and Security},
  volume={10},
  number={3},
  pages={471--484},
  year={2015},
  publisher={IEEE}
}

@article{Tan:MCA,
  title={A system for denial-of-service attack detection based on multivariate correlation analysis},
  author={Tan, Zhiyuan and Jamdagni, Aruna and He, Xiangjian and Nanda, Priyadarsi and Liu, Ren Ping},
  journal={IEEE transactions on parallel and distributed systems},
  volume={25},
  number={2},
  pages={447--456},
  year={2014},
  publisher={IEEE}
}

@inproceedings{Bhuyan:partialRank,
  title={Low-rate and High-rate Distributed DoS Attack Detection Using Partial Rank Correlation},
  author={Bhuyan, Monowar H and Kalwar, Abhishek and Goswami, A and Bhattacharyya, DK and Kalita, JK},
  booktitle={Communication Systems and Network Technologies (CSNT), 2015 Fifth International Conference on},
  pages={706--710},
  year={2015},
  organization={IEEE}
}

@inproceedings{Degirmencioglu:SYN,
  title={A classification approach for adaptive mitigation of SYN flood attacks: Preventing performance loss due to SYN flood attacks},
  author={Degirmencioglu, Alptugay and Erdogan, Hasan Tugrul and Mizani, Mehrdad A and others},
  booktitle={Network Operations and Management Symposium (NOMS), 2016 IEEE/IFIP},
  pages={1109--1112},
  year={2016},
  organization={IEEE}
}

@inproceedings{Kuhrer:Amp,
  title={Exit from Hell? Reducing the Impact of Amplification DDoS Attacks},
  author={K{\"u}hrer, Marc and Hupperich, Thomas and Rossow, Christian and Holz, Thorsten},
  booktitle={23rd USENIX Security Symposium (USENIX Security 14)},
  pages={111--125},
  year={2014}
}

@inproceedings{Aghaei:UFM,
  title={Investigating unique flow marking for tracing back DDoS attacks},
  author={Aghaei-Foroushani, Vahid and Zincir-Heywood, A Nur},
  booktitle={2015 IFIP/IEEE International Symposium on Integrated Network Management (IM)},
  pages={762--765},
  year={2015},
  organization={IEEE}
}

@inproceedings{Kung:Flash,
  title={A Practical System for Guaranteed Access in the Presence of DDoS Attacks and Flash Crowds},
  author={Kung, Yi-Hsuan and Lee, Taeho and Tseng, Po-Ning and Hsiao, Hsu-Chun and Kim, Tiffany Hyun-Jin and Lee, Soo Bum and Lin, Yue-Hsun and Perrig, Adrian},
  booktitle={2015 IEEE 23rd International Conference on Network Protocols (ICNP)},
  pages={212--223},
  year={2015},
  organization={IEEE}
}

@inproceedings{Nur:CyPhy,
  title={Defending Cyber-Physical Systems against DoS Attacks},
  author={Nur, Abdullah Yasin and Tozal, Mehmet Engin},
  booktitle={Smart Computing (SMARTCOMP), 2016 IEEE International Conference on},
  pages={1--3},
  year={2016},
  organization={IEEE}
}

@inproceedings{Gasti:NDN,
  title={DoS and DDoS in named data networking},
  author={Gasti, Paolo and Tsudik, Gene and Uzun, Ersin and Zhang, Lixia},
  booktitle={2013 22nd International Conference on Computer Communication and Networks (ICCCN)},
  pages={1--7},
  year={2013},
  organization={IEEE}
}

@inproceedings{Abliz:Puzz,
  title={Defeating DDoS using productive puzzles},
  author={Abliz, Mehmud and Znati, Taieb F},
  booktitle={Information Systems Security and Privacy (ICISSP), 2015 International Conference on},
  pages={114--123},
  year={2015},
  organization={SCITEPRESS}
}

@inproceedings{Wen:RoQ,
  title={Two-Stage detection algorithm for RoQ attack based on localized periodicity analysis of traffic anomaly},
  author={Wen, Kun and Yang, Jiahai and Cheng, Fengjuan and Li, Chenxi and Wang, Ziyu and Yin, Hui},
  booktitle={2014 23rd International Conference on Computer Communication and Networks (ICCCN)},
  pages={1--6},
  year={2014},
  organization={IEEE}
}

@inproceedings{Krupp:Scan,
  title={Identifying the Scan and Attack Infrastructures Behind Amplification DDoS Attacks},
  author={Krupp, Johannes and Backes, Michael and Rossow, Christian},
  booktitle={Proceedings of the 2016 ACM SIGSAC Conference on Computer and Communications Security},
  pages={1426--1437},
  year={2016},
  organization={ACM}
}

@article{Paschos:Sust,
  title={Sustainability of Service Provisioning Systems under Stealth DoS Attacks},
  author={Paschos, George S and Tassiulas, Leandros},
  publisher={IEEE}
}

@inproceedings{Liu:SFDRDoS,
  title={The store-and-flood distributed reflective denial of service attack},
  author={Liu, Bingshuang and Berg, Skyler and Li, Jun and Wei, Tao and Zhang, Chao and Han, Xinhui},
  booktitle={2014 23rd International Conference on Computer Communication and Networks (ICCCN)},
  pages={1--8},
  year={2014},
  organization={IEEE}
}

@article{Steinberger:FLEX,
  title={Collaborative DDoS defense using flow-based security event information},
  author={Steinberger, Jessica and Kuhnert, Benjamin and Sperotto, Anna and Baier, Harald and Pras, Aiko},
  year={2016},
  publisher={IEEE Communications Society}
}

@inproceedings{Afanasyev:NDN,
  title={Interest flooding attack and countermeasures in Named Data Networking},
  author={Afanasyev, Alexander and Mahadevan, Priya and Moiseenko, Ilya and Uzun, Ersin and Zhang, Lixia},
  booktitle={IFIP Networking Conference, 2013},
  pages={1--9},
  year={2013},
  organization={IEEE}
}

@article{Zargar:DDOSFlood,
  title={A survey of defense mechanisms against distributed denial of service (DDoS) flooding attacks},
  author={Zargar, Saman Taghavi and Joshi, James and Tipper, David},
  journal={IEEE Communications Surveys \& Tutorials},
  volume={15},
  number={4},
  pages={2046--2069},
  year={2013},
  publisher={IEEE}
}

@article{Yan:SDNSurvey,
  title={Software-defined networking (SDN) and distributed denial of service (DDoS) attacks in cloud computing environments: A survey, some research issues, and challenges},
  author={Yan, Qiao and Yu, F Richard and Gong, Qingxiang and Li, Jianqiang},
  journal={IEEE Communications Surveys \& Tutorials},
  volume={18},
  number={1},
  pages={602--622},
  year={2016},
  publisher={IEEE}
}

@inproceedings{Arbor:WISR,
  title={Annual Worldwide Infrastructure Security Report},
  author={Anstee, Darren and Bowen, Paul and Chui, C.F. and Sockrider, Gary},
  volume={11},
  year={2016},
  publisher={Arbor Networks, Inc}
}

@book{ICTStats,
title={Key 2005-2016 ICT Data for the World, by Geographic Regions and by Level of Development},
url={http://www.itu.int/en/ITU-D/Statistics/Documents/statistics/ 2016/ITU Key 2005-2016 ICT data.xls},
journal={Key 2005-2016 ICT Data for the World, by Geographic Regions and by Level of Development},
publisher={International Telecommunications Union},
year={2016}
}

@article{DDoS:CERT,
  title={Results of the distributed-systems intruder tools workshop},
  author={Center, CERT Coordination},
  journal={Software Engineering Institute},
  year={1999}
}

@article{Yue:Shrew,
  title={A New Exploration of FB-Shrew Attack},
  author={Yue, Meng and Wu, Zhijun and Wang, Minxiao},
  journal={IEEE Communications Letters},
  volume={20},
  number={10},
  pages={1987--1990},
  year={2016},
  publisher={IEEE}
}